<?xml version="1.0" encoding="UTF-8"?><collection xmlns="http://www.loc.gov/MARC21/slim"><record><leader>00338nam--2200121-i-4500</leader><controlfield tag="001">000003528</controlfield><controlfield tag="002">20161230</controlfield><controlfield tag="005">20161230201025</controlfield><controlfield tag="008">060222s1000------------r-----000-0-eng-d</controlfield><datafield ind1=" " ind2=" " tag="080"><subfield code="a">54(075.2)=59</subfield></datafield><datafield ind1=" " ind2=" " tag="245"><subfield code="a">Chimie generala.manual unic pentru uzul scolil or medii tehnice</subfield></datafield><datafield ind1=" " ind2=" " tag="260"><subfield code="a">Bucuresti, Edit.Tehnica, 1952. 171(-173) P</subfield></datafield><datafield ind1=" " ind2=" " tag="852"><subfield code="a">2059</subfield></datafield></record></collection>